@article{ando1979concavity,
  title={Concavity of certain maps on positive definite matrices and applications to Hadamard products},
  author={Ando, Tsuyoshi},
  journal={Linear Algebra and its Applications},
  volume={26},
  pages={203--241},
  year={1979},
  publisher={Elsevier}
}


@book{bhatia2009positive,
	title={Positive definite matrices},
	author={Bhatia, Rajendra},
	volume={24},
	year={2009},
	publisher={Princeton university press}
}

@article{bonnabel2009riemannian,
	title={Riemannian metric and geometric mean for positive semidefinite matrices of fixed rank},
	author={Bonnabel, Silvere and Sepulchre, Rodolphe},
	journal={SIAM Journal on Matrix Analysis and Applications},
	volume={31},
	number={3},
	pages={1055--1070},
	year={2009},
	publisher={SIAM}
}

@article{lederman2018learning,
	title={Learning the geometry of common latent variables using alternating-diffusion},
	author={Lederman, Roy R and Talmon, Ronen},
	journal={Applied and Computational Harmonic Analysis},
	volume={44},
	number={3},
	pages={509--536},
	year={2018},
	publisher={Elsevier}
}

@article{coifman2006diffusion,
	title={Diffusion maps},
	author={Coifman, Ronald R and Lafon, St{\'e}phane},
	journal={Applied and computational harmonic analysis},
	volume={21},
	number={1},
	pages={5--30},
	year={2006},
	publisher={Elsevier}
}

@article{coifman2017manifold,
	title={Manifold learning with bi-stochastic kernels},
	author={Coifman, Ronald R and Marshall, Nicholas F},
	journal={arXiv preprint arXiv:1711.06711},
	year={2017}
}

@article{dsilva2018parsimonious,
	title={Parsimonious representation of nonlinear dynamical systems through manifold learning: A chemotaxis case study},
	author={Dsilva, Carmeline J and Talmon, Ronen and Coifman, Ronald R and Kevrekidis, Ioannis G},
	journal={Applied and Computational Harmonic Analysis},
	volume={44},
	number={3},
	pages={759--773},
	year={2018},
	publisher={Elsevier}
}

@article{knight2008sinkhorn,
	title={The Sinkhorn--Knopp algorithm: convergence and applications},
	author={Knight, Philip A},
	journal={SIAM Journal on Matrix Analysis and Applications},
	volume={30},
	number={1},
	pages={261--275},
	year={2008},
	publisher={SIAM}
}


@article{singer2008non,
	title={Non-linear independent component analysis with diffusion maps},
	author={Singer, Amit and Coifman, Ronald R},
	journal={Applied and Computational Harmonic Analysis},
	volume={25},
	number={2},
	pages={226--239},
	year={2008},
	publisher={Elsevier}
}


@article{singer2006spectral,
	title={Spectral independent component analysis},
	author={Singer, A},
	journal={Applied and Computational Harmonic Analysis},
	volume={21},
	number={1},
	pages={135--144},
	year={2006},
	publisher={Academic Press}
}